@article{article,
author = {Dayo, Fatima and Dharejo, Nasrullah and Memon, Ahmed},
year = {2023},
month = {01},
pages = {2023},
title = {Scriptwriting in the Age of AI: Revolutionizing Storytelling with Artificial Intelligence},
volume = {4},
journal = {Journal of Media & Communication}
}